@book{excel_per_statistica_belluco,
  author = {Belluco, Enzo},
  year = {2005},
  title = {Excel per la statistica},
  publisher = {Franco Angeli},
}